@article{sturm2003cones,
  title={On cones of nonnegative quadratic functions},
  author={Sturm, Jos F and Zhang, Shuzhong},
  journal={Mathematics of Operations Research},
  volume={28},
  number={2},
  pages={246--267},
  year={2003},
  publisher={INFORMS}
}